<?xml version="1.0" encoding="UTF-8"?>
<collection xmlns:xsi="http://www.w3.org/2001/XMLSchema-instance" xsi:schemaLocation="http://www.loc.gov/MARC21/slim http://www.loc.gov/standards/marcxml/schema/MARC21slim.xsd" xmlns="http://www.loc.gov/MARC21/slim">
<record>
  <leader>02347cam a2200445Ia 4500</leader>
  <controlfield tag="001">783827</controlfield>
  <controlfield tag="003">NNC</controlfield>
  <controlfield tag="005">20160718182853.0</controlfield>
  <controlfield tag="008">890514r19821963ir h     b    001 0 arard</controlfield>
  <datafield tag="035" ind1=" " ind2=" ">
    <subfield code="9">ADZ9807CU</subfield>
  </datafield>
  <datafield tag="035" ind1=" " ind2=" ">
    <subfield code="a">(OCoLC)ocm22224466</subfield>
  </datafield>
  <datafield tag="035" ind1=" " ind2=" ">
    <subfield code="a">(OCoLC)22224466</subfield>
  </datafield>
  <datafield tag="035" ind1=" " ind2=" ">
    <subfield code="a">(NNC)783827</subfield>
  </datafield>
  <datafield tag="040" ind1=" " ind2=" ">
    <subfield code="a">PAU</subfield>
    <subfield code="b">eng</subfield>
    <subfield code="c">PAU</subfield>
    <subfield code="d">WAU</subfield>
    <subfield code="d">OCL</subfield>
    <subfield code="d">OCLCQ</subfield>
    <subfield code="d">OCLCF</subfield>
    <subfield code="d">STF</subfield>
    <subfield code="d">OCLCO</subfield>
  </datafield>
  <datafield tag="090" ind1=" " ind2=" ">
    <subfield code="a">BP193.3</subfield>
    <subfield code="b">.Q6 1982</subfield>
  </datafield>
  <datafield tag="100" ind1="1" ind2=" ">
    <subfield code="6">880-01</subfield>
    <subfield code="a">Qummī, Saʻd ibn ʻAbd Allāh,</subfield>
    <subfield code="d">-approximately 913.</subfield>
  </datafield>
  <datafield tag="240" ind1="1" ind2="0">
    <subfield code="a">Maqālāt wa-al-firaq</subfield>
  </datafield>
  <datafield tag="245" ind1="1" ind2="0">
    <subfield code="6">880-02</subfield>
    <subfield code="a">Kitāb al-maqālāt wa-al-firaq /</subfield>
    <subfield code="c">taṣnīf Saʻd ibn ʻAbd Allāh Abī Khalaf al-Ashʻarī al-Qummī ; saḥḥaḥahu wa-qaddama lahu wa-ʻallaqa alayhi Muḥammad Jawād Mashkūr.</subfield>
  </datafield>
  <datafield tag="246" ind1="3" ind2=" ">
    <subfield code="a">Maqālāt wa-al-firaq</subfield>
  </datafield>
  <datafield tag="250" ind1=" " ind2=" ">
    <subfield code="a">Chāp 2.</subfield>
  </datafield>
  <datafield tag="260" ind1=" " ind2=" ">
    <subfield code="6">880-03</subfield>
    <subfield code="a">[Tehran] :</subfield>
    <subfield code="b">Markaz Intishārāt ʻIlmī wa-Farhangī, wābastah bih Wizārat Farhang wa-Āmūzish ʻĀlī,</subfield>
    <subfield code="c">1360 [1982]</subfield>
  </datafield>
  <datafield tag="300" ind1=" " ind2=" ">
    <subfield code="a">25, 276 pages :</subfield>
    <subfield code="b">facsimile ;</subfield>
    <subfield code="c">25 cm.</subfield>
  </datafield>
  <datafield tag="336" ind1=" " ind2=" ">
    <subfield code="a">text</subfield>
    <subfield code="b">txt</subfield>
    <subfield code="2">rdacontent</subfield>
  </datafield>
  <datafield tag="337" ind1=" " ind2=" ">
    <subfield code="a">unmediated</subfield>
    <subfield code="b">n</subfield>
    <subfield code="2">rdamedia</subfield>
  </datafield>
  <datafield tag="338" ind1=" " ind2=" ">
    <subfield code="a">volume</subfield>
    <subfield code="b">nc</subfield>
    <subfield code="2">rdacarrier</subfield>
  </datafield>
  <datafield tag="490" ind1="1" ind2=" ">
    <subfield code="6">880-04</subfield>
    <subfield code="a">Majmūʻah mīrās̲ Īrān va Islām</subfield>
  </datafield>
  <datafield tag="500" ind1=" " ind2=" ">
    <subfield code="a">Originally published: Muʼassasah-ʼi Maṭbūʻātī-i ʻAṭāʼī, 1963.</subfield>
  </datafield>
  <datafield tag="504" ind1=" " ind2=" ">
    <subfield code="a">Includes bibliographical references and indexes.</subfield>
  </datafield>
  <datafield tag="650" ind1=" " ind2="0">
    <subfield code="a">Shiites</subfield>
    <subfield code="v">Early works to 1800.</subfield>
  </datafield>
  <datafield tag="650" ind1=" " ind2="7">
    <subfield code="a">Shiites.</subfield>
    <subfield code="2">fast</subfield>
    <subfield code="0">(OCoLC)fst01115976</subfield>
  </datafield>
  <datafield tag="655" ind1=" " ind2="7">
    <subfield code="a">Early works.</subfield>
    <subfield code="2">fast</subfield>
    <subfield code="0">(OCoLC)fst01411636</subfield>
  </datafield>
  <datafield tag="700" ind1="1" ind2=" ">
    <subfield code="6">880-05</subfield>
    <subfield code="a">Mashkūr, Muḥammad Javād.</subfield>
  </datafield>
  <datafield tag="830" ind1=" " ind2="0">
    <subfield code="6">880-06</subfield>
    <subfield code="a">Majmūʻah mīrās̲ Īrān va Islām.</subfield>
  </datafield>
  <datafield tag="880" ind1="0" ind2=" ">
    <subfield code="6">100-01/r</subfield>
    <subfield code="a">سعد بن عبد الله ابي خلف الكسعريالقمي,</subfield>
    <subfield code="d">-approximately 913.</subfield>
  </datafield>
  <datafield tag="880" ind1="1" ind2="0">
    <subfield code="6">245-02/r</subfield>
    <subfield code="a">كتاب المقالات والفرف /</subfield>
    <subfield code="c">تصنيف سعد بن عبد الله ابي خلف الكسعريالقمي ؛ صححه وقدم له وعلق عليه محمد جواد مشكور.</subfield>
  </datafield>
  <datafield tag="880" ind1=" " ind2=" ">
    <subfield code="6">250-00/r</subfield>
    <subfield code="a">چاپ ٢.</subfield>
  </datafield>
  <datafield tag="880" ind1=" " ind2=" ">
    <subfield code="6">260-03/r</subfield>
    <subfield code="a">[Tehran] :</subfield>
    <subfield code="b">مركز انتشارات علمى وفرهنگ، وابسته به وزارت فرهنگ و آموزش عالى،</subfield>
    <subfield code="c">١٣٦١.</subfield>
  </datafield>
  <datafield tag="880" ind1="1" ind2=" ">
    <subfield code="6">490-04/r</subfield>
    <subfield code="a">مجموعة ميراث ايران واسلانن</subfield>
  </datafield>
  <datafield tag="880" ind1="0" ind2=" ">
    <subfield code="6">700-05/r</subfield>
    <subfield code="a">محمد جواد مشكور.</subfield>
  </datafield>
  <datafield tag="880" ind1=" " ind2="0">
    <subfield code="6">830-06/r</subfield>
    <subfield code="a">مجموعة ميراث ايران واسلانن.</subfield>
  </datafield>
  <datafield tag="955" ind1=" " ind2=" ">
    <subfield code="b">0042523907</subfield>
    <subfield code="d">glx</subfield>
    <subfield code="e">BP193.3 .Q6 1982g</subfield>
  </datafield>
</record>
</collection>